% This file was created with JabRef 2.4.2.
% Encoding: UTF8

@misc{ArbeitstageImJahr,
	title = {Wie viele Arbeitstage im Jahr 2023?},
	date = {2023-11-22},
	url = {https://www.arbeitstage.de/wie_viele_arbeitstage_im_jahr_2023_Berlin.htm},
}

@misc{WindchillChangeManagement1,
	title = {About Windchills Change Management},
	date = {2023-11-23},
	url = {https://support.ptc.com/help/windchill/plus/r12.0.2.0/en/index.html#page/Windchill_Help_Center/ChgMgmtAbout.html},
}

@misc{WindchillChangeManagement2,
	title = {What is change management? Why is it important?},
	date = {2023-11-23},
	url = {https://www.ptc.com/en/technologies/plm/engineering-change-management},
	author = {PTC},
}